@misc{contrac2020,
 title = {{C}ontrac},
 author = {David Llewellyn-Jones and Oskar Roesler},
 year = 2020,
 month = "28 April",
 howpublished = {\url{https://github.com/llewelld/harbour-contrac}},
}
%note = {Accessed: 2023-01-29}

@misc{libcontrac2020,
 title = {libcontrac},
 author = {David Llewellyn-Jones},
 year = 2020,
 month = "18 April",
 howpublished = {\url{https://github.com/llewelld/libcontrac}},
}
%note = {Accessed: 2023-01-29}

@article{johnhopkins2020,
 title = {Review of mobile application technology to enhance contact tracing capacity for COVID-19},
 author = {{Johns Hopkins Center for Health Security}},
 year = 2020,
 month = "8 April",
 howpublished = {\url{https:/​/www.​centerforhealthsecurity.org/​resources/​COVID-19/​COVID-19-fact-sheets/​200408-contact-tracing-factsheet.​pdf}},
}
%note = {Accessed: 2023-01-29}

@misc{gaenspec2020,
 title = {Exposure Notifications Specification},
 author = {{Google}},
 year = 2020,
 month = "10 April",
 howpublished = {\url{https://www.google.com/covid19/exposurenotifications}},
}
%note = {Accessed: 2023-01-29}

@misc{gaeninternals2020,
 title = {Exposure Notifications Internals},
 author = {{Google}},
 year = 2020,
 month = "27 July",
 howpublished = {\url{https://github.com/google/exposure-notifications-internals}},
}
%note = {Accessed: 2023-01-29}

@misc{gaenreference2020,
 title = {Exposure Notification App Reference Design},
 author = {{Google}},
 year = 2020,
 month = "4 May",
 howpublished = {\url{https://github.com/google/exposure-notifications-android}},
}
%note = {Accessed: 2023-01-29}

@misc{cwa2020,
 title = {Covid Warn App},
 author = {{{SAP} and {Deutsche Telekom}}},
 year = 2020,
 month = "12 May",
 howpublished = {\url{https://github.com/corona-warn-app}},
}
%note = {Accessed: 2023-01-29}

@misc{ccceval2020,
 title = {Criteria for the Evaluation of Contact Tracing Apps},
 author = {{{SAP} and {Deutsche Telekom}}},
 year = 2020,
 month = "2 June",
 howpublished = {\url{https://github.com/corona-warn-app/cwa-documentation/blob/main/pruefsteine.md}},
}
%note = {Accessed: 2023-01-29}

